@book{book,
  author    = {Grant Palmer},
    title     = {Physics for Game Programmers},
      publisher = {Apress},
        year      = 2005,
		      }